<?xml version="1.0" encoding="UTF-8"?><record xmlns="http://www.loc.gov/MARC21/slim" xmlns:cinclude="http://apache.org/cocoon/include/1.0" xmlns:zs="http://www.loc.gov/zing/srw/">
  <leader>00726cz  a2200145n  4500</leader>
  <controlfield tag="001">n  97044997 </controlfield>
  <controlfield tag="003">DLC</controlfield>
  <controlfield tag="005">20031210071244.0</controlfield>
  <controlfield tag="008">970429n| acannaabn          |n aaa      </controlfield>
  <datafield tag="010" ind1=" " ind2=" ">
    <subfield code="a">n  97044997 </subfield>
  </datafield>
  <datafield tag="035" ind1=" " ind2=" ">
    <subfield code="a">(OCoLC)oca04329150</subfield>
  </datafield>
  <datafield tag="040" ind1=" " ind2=" ">
    <subfield code="a">DLC</subfield>
    <subfield code="c">DLC</subfield>
    <subfield code="d">DNLM</subfield>
  </datafield>
  <datafield tag="100" ind1="1" ind2=" ">
    <subfield code="a">Steenbarger, Brett N.</subfield>
  </datafield>
  <datafield tag="670" ind1=" " ind2=" ">
    <subfield code="a">The complete guide to joining and forming a group practice, 1997:</subfield>
    <subfield code="b">CIP t.p. (Brett N. Steenbarger) pref. (Brett N. Steenbarger, PhD.)</subfield>
  </datafield>
  <datafield tag="670" ind1=" " ind2=" ">
    <subfield code="a">The art and science of brief psychotherapies, c2004:</subfield>
    <subfield code="b">CIP t.p. (Brett N. Steenbarger, Ph.D.) p. 3 (assoc. prof. and dir., Student Counseling, Dept. of Psychiatry and Behavioral Sciences, State Univ. of New York Upstate Medical Univ., Syracuse, NY) data sheet (b. Aug. 31, 1954)</subfield>
  </datafield>
</record>